<collection xmlns="http://www.loc.gov/MARC21/slim">
<record>
  <leader>01006nam0a2200253 i 450 </leader>
  <controlfield tag="001">IT\ICCU\CNCE\008784</controlfield>
  <controlfield tag="005">20181219000000.0</controlfield>
  <datafield tag="012" ind1=" " ind2=" ">
    <subfield code="a">o.e. o:o. o,co e.co (C) 1519 (A)</subfield>
    <subfield code="2">fei</subfield>
  </datafield>
  <datafield tag="100" ind1=" " ind2=" ">
    <subfield code="a">19970101d1519        0itac0103    ba</subfield>
  </datafield>
  <datafield tag="101" ind1=" " ind2=" ">
    <subfield code="a">ITA</subfield>
  </datafield>
  <datafield tag="102" ind1=" " ind2=" ">
    <subfield code="a">IT</subfield>
  </datafield>
  <datafield tag="200" ind1="1" ind2=" ">
    <subfield code="a">Egloga rusticale di Strascino composta per Niccol ̣Campani</subfield>
  </datafield>
  <datafield tag="210" ind1=" " ind2=" ">
    <subfield code="e">In Siena</subfield>
    <subfield code="g">per Giouanni di Alixandro</subfield>
    <subfield code="h">adi XXV d&apos;agosto 1519</subfield>
  </datafield>
  <datafield tag="215" ind1=" " ind2=" ">
    <subfield code="a">\8! c.</subfield>
    <subfield code="d">8ʻ</subfield>
  </datafield>
  <datafield tag="620" ind1=" " ind2=" ">
    <subfield code="a">IT</subfield>
    <subfield code="d">Siena</subfield>
  </datafield>
  <datafield tag="700" ind1=" " ind2="1">
    <subfield code="a">Campani,</subfield>
    <subfield code="b"></subfield>
    <subfield code="3">IT\ICCU\CNCA\002465</subfield>
  </datafield>
  <datafield tag="712" ind1="0" ind2="0">
    <subfield code="a">Landi, Giovanni</subfield>
    <subfield code="3">IT\ICCU\CNCT\000325</subfield>
    <subfield code="4">650</subfield>
  </datafield>
  <datafield tag="790" ind1=" " ind2="0">
    <subfield code="a">Strascino</subfield>
    <subfield code="3">IT\ICCU\CNCA\002466</subfield>
    <subfield code="z"></subfield>
  </datafield>
  <datafield tag="791" ind1="0" ind2="2">
    <subfield code="a">Giovanni di Alexandro</subfield>
    <subfield code="3">IT\ICCU\CNCT\002718</subfield>
    <subfield code="z">Landi, Giovanni</subfield>
  </datafield>
  <datafield tag="791" ind1="0" ind2="2">
    <subfield code="a">G. di A. L.</subfield>
    <subfield code="3">IT\ICCU\CNCT\002892</subfield>
    <subfield code="z">Landi, Giovanni</subfield>
  </datafield>
  <datafield tag="791" ind1="0" ind2="2">
    <subfield code="a">Giovanni di A. L.</subfield>
    <subfield code="3">IT\ICCU\CNCT\002893</subfield>
    <subfield code="z">Landi, Giovanni</subfield>
  </datafield>
  <datafield tag="791" ind1="0" ind2="2">
    <subfield code="a">Ioannes Alexandri</subfield>
    <subfield code="3">IT\ICCU\CNCT\004896</subfield>
    <subfield code="z">Landi, Giovanni</subfield>
  </datafield>
  <datafield tag="801" ind1=" " ind2="3">
    <subfield code="a">IT</subfield>
    <subfield code="b">ICCU</subfield>
    <subfield code="c">20201113</subfield>
  </datafield>
  <datafield tag="899" ind1=" " ind2=" ">
    <subfield code="a">Biblioteca nazionale centrale. Firenze</subfield>
    <subfield code="1">FI0098</subfield>
    <subfield code="2">CFI CF</subfield>
  </datafield>
</record>
</collection>
